<record><leader>00000cas a22000007a 4500</leader><controlfield tag="001">10688076</controlfield><controlfield tag="008">840503d19421984iauwr ne      0   a0eng d</controlfield><datafield ind1=" " ind2=" " tag="010"><subfield code="a">sn 84005222 </subfield></datafield><datafield ind1=" " ind2=" " tag="040"><subfield code="a">NSD</subfield><subfield code="b">eng</subfield><subfield code="c">NSD</subfield><subfield code="d">INP</subfield><subfield code="d">OCLCQ</subfield></datafield><datafield ind1=" " ind2=" " tag="012"><subfield code="m">d</subfield></datafield><datafield ind1="1" ind2=" " tag="022"><subfield code="a">0747-2897</subfield><subfield code="l">0747-2897</subfield><subfield code="2">1</subfield></datafield><datafield ind1=" " ind2=" " tag="032"><subfield code="a">337140</subfield><subfield code="b">USPS</subfield></datafield><datafield ind1=" " ind2=" " tag="037"><subfield code="b">Mediapolis New Era, Mediapolis, Iowa, 52637</subfield></datafield><datafield ind1=" " ind2=" " tag="042"><subfield code="a">nsdp</subfield></datafield><datafield ind1=" " ind2="4" tag="222"><subfield code="a">The Mediapolis new era</subfield></datafield><datafield ind1="0" ind2="4" tag="245"><subfield code="a">The Mediapolis new era.</subfield></datafield><datafield ind1=" " ind2=" " tag="260"><subfield code="a">Mediapolis, Iowa :</subfield><subfield code="b">Walden T. Smith,</subfield><subfield code="c">1942-1984.</subfield></datafield><datafield ind1=" " ind2=" " tag="300"><subfield code="a">43 v. :</subfield><subfield code="b">ill.</subfield></datafield><datafield ind1=" " ind2=" " tag="310"><subfield code="a">Weekly</subfield></datafield><datafield ind1="0" ind2=" " tag="362"><subfield code="a">Vol. 68, no. 50 (June 25, 1942)-v. 110, no. 19 (May 10, 1984).</subfield></datafield><datafield ind1=" " ind2=" " tag="500"><subfield code="a">Publishers: Walden T. Smith, June 25, 1942-May 30, 1957; Richard Youghnour, June 6, 1957-Jan. 26, 1984; Dave Tapp, Feb. 2-May 10, 1984.</subfield></datafield><datafield ind1=" " ind2=" " tag="525"><subfield code="a">Includes occasional supplements.</subfield></datafield><datafield ind1=" " ind2=" " tag="752"><subfield code="a">United States</subfield><subfield code="b">Iowa</subfield><subfield code="c">Des Moines</subfield><subfield code="d">Mediapolis.</subfield></datafield><datafield ind1="0" ind2="0" tag="780"><subfield code="t">Mediapolis new era-news</subfield><subfield code="w">(DLC)sn 86060025</subfield></datafield><datafield ind1="0" ind2="0" tag="785"><subfield code="t">Mediapolis news (Mediapolis, Iowa : 1984)</subfield><subfield code="x">0747-3591</subfield><subfield code="w">(DLC)sn 84005430</subfield></datafield><datafield ind1=" " ind2=" " tag="936"><subfield code="a">Apr. 26, 1984</subfield></datafield></record>